@Book{uniparma,
	Editor = {Terra, Universit{\`{a}} degli Studi di Pavia -. Dipartimento di Scienze della},
	author = {Clerici, A.},
	title = {GRASS 6.2 Manuale pratico introduttivo},
	year = {2007},
}

@Misc{wiki:xxx,
	Note = {[Online; accessed 7-July-2009]},
	Url = {http://en.wikipedia.org/w/index.php?title=GIS_in_archaeology\&oldid=300787884},
	author = {Wikipedia,},
	title = {GIS in archaeology {--}- Wikipedia, The Free Encyclopedia},
	year = {2009},
}

@booklet{manual-neteler,
	author = {Otto Dassau - Stephan Holl - Markus Neteler - Dr. Manfred Redslob},
	title = {An introduction to the practical use of the Free Geographical Information System GRASS 6.0},
}

@article{webmapping-arch,
	author = {F. Djindjian},
	title = {Webmapping in the historical and archaeological sciences. An introduction},
	journal = {Archeologia e Calcolatori},
	number = {19},
	pages = {9-16},
	year = {2008},
}

@article{geoportali-archeologia,
	author = {A. Chaumet},
	title = {Webmapping, arch{\'{e}}ologie et g{\'{e}}oportail},
	journal = {Archeologia e Calcolatori},
	number = {19},
	pages = {79-86},
	year = {2008},
}

@techreport{tellusarticle,
	author = {Gomez M., Delrieu P., Dominguez J. L.},
	title = {The Tellus project},
	year = {2009},
}

